@article{Planck2018,
  author       = {Planck Collaboration},
  title        = {Planck 2018 results. X. Constraints on inflation},
  journal      = {Astronomy & Astrophysics},
  volume       = {641},
  pages        = {A10},
  year         = {2020},
  doi          = {10.1051/0004-6361/201833887}
}

@article{Flauger2010,
  author       = {Flauger, R. and McAllister, L. and Pajer, E. and Westphal, A. and Xu, G.},
  title        = {Oscillations in the CMB from Axion Monodromy Inflation},
  journal      = {Journal of Cosmology and Astroparticle Physics},
  volume       = {2010},
  number       = {06},
  pages        = {009},
  year         = {2010},
  doi          = {10.1088/1475-7516/2010/06/009}
}

@article{Adshead2012,
  author       = {Adshead, P. and Dvorkin, C. and Hu, W. and Lim, E. A.},
  title        = {Step features in inflationary potentials: Prospects for CMB polarization},
  journal      = {Phys. Rev. D},
  volume       = {85},
  pages        = {023531},
  year         = {2012},
  doi          = {10.1103/PhysRevD.85.023531}
}

@article{Chen2010,
  author       = {Chen, X.},
  title        = {Primordial Non-Gaussianities from Inflation Models},
  journal      = {Advances in Astronomy},
  volume       = {2010},
  pages        = {638979},
  year         = {2010},
  doi          = {10.1155/2010/638979}
}

@article{Sornette1998,
  author       = {Sornette, D.},
  title        = {Discrete-scale invariance and complex dimensions},
  journal      = {Physics Reports},
  volume       = {297},
  number       = {5â€“6},
  pages        = {239--270},
  year         = {1998},
  doi          = {10.1016/S0370-1573(97)00076-8}
}

@article{Calcagni2010,
  author       = {Calcagni, G.},
  title        = {Discrete to continuous transitions in multifractal spacetimes},
  journal      = {Phys. Rev. D},
  volume       = {81},
  pages        = {044006},
  year         = {2010},
  doi          = {10.1103/PhysRevD.81.044006}
}
