@article{Planck2018Inflation,
  author       = {Y. Akrami et al. [Planck Collaboration]},
  title        = {Planck 2018 results. X. Constraints on inflation},
  journal      = {Astronomy \& Astrophysics},
  volume       = {641},
  pages        = {A10},
  year         = {2020},
  eprint       = {1807.06211},
  archivePrefix= {arXiv},
  primaryClass = {astro-ph.CO}
}

@article{Planck2018Params,
  author       = {N. Aghanim et al. [Planck Collaboration]},
  title        = {Planck 2018 results. VI. Cosmological parameters},
  journal      = {Astronomy \& Astrophysics},
  volume       = {641},
  pages        = {A6},
  year         = {2020},
  eprint       = {1807.06209},
  archivePrefix= {arXiv},
  primaryClass = {astro-ph.CO}
}

@article{KalloshLindeRoest2013,
  author       = {R. Kallosh and A. Linde and D. Roest},
  title        = {Superconformal Inflationary $\alpha$-Attractors},
  journal      = {JHEP},
  volume       = {11},
  pages        = {198},
  year         = {2013},
  eprint       = {1311.0472},
  archivePrefix= {arXiv},
  primaryClass = {hep-th}
}

@article{Starobinsky1980,
  author       = {A. A. Starobinsky},
  title        = {A New Type of Isotropic Cosmological Models Without Singularity},
  journal      = {Phys. Lett. B},
  volume       = {91},
  pages        = {99--102},
  year         = {1980}
}

@article{Starobinsky1983,
  author       = {A. A. Starobinsky},
  title        = {The Perturbation Spectrum Evolving from a Nonsingular Initially De-Sitter Cosmology and the Microwave Background Anisotropy},
  journal      = {Sov. Astron. Lett.},
  volume       = {9},
  pages        = {302--304},
  year         = {1983}
}

@article{Paoletti2022,
    author = "Paoletti, D. and Finelli, F. and Valiviita, J. and Hazumi, M.",
    title = "{Planck and BICEP/Keck Array 2018 constraints on primordial gravitational waves}",
    journal = "Phys. Rev. D",
    volume = "106",
    pages = "083528",
    year = "2022",
    doi = "10.1103/PhysRevD.106.083528",
    eprint = "2206.10474",
    archivePrefix = "arXiv",
    primaryClass = "astro-ph.CO"
}


@article{Meerburg2014,
  author       = {P. D. Meerburg and D. N. Spergel and B. D. Wandelt},
  title        = {Searching for oscillations in the primordial power spectrum II: Constraints from Planck data},
  journal      = {Phys. Rev. D},
  volume       = {89},
  number       = {6},
  pages        = {063537},
  year         = {2014},
  eprint       = {1308.3704},
  archivePrefix= {arXiv},
  primaryClass = {astro-ph.CO}
}

@article{Flauger2017,
  author       = {R. Flauger and L. McAllister and E. Silverstein and A. Westphal},
  title        = {Drifting Oscillations in Axion Monodromy},
  journal      = {JCAP},
  volume       = {10},
  pages        = {055},
  year         = {2017},
  eprint       = {1412.1814},
  archivePrefix= {arXiv},
  primaryClass = {hep-th}
}

@article{SilversteinWestphal2008,
  author       = {E. Silverstein and A. Westphal},
  title        = {Monodromy in the CMB: Gravity Waves and String Inflation},
  journal      = {Phys. Rev. D},
  volume       = {78},
  pages        = {106003},
  year         = {2008},
  eprint       = {0803.3085},
  archivePrefix= {arXiv},
  primaryClass = {hep-th}
}

@article{CalcagniKuroyanagi2023,
  author       = {G. Calcagni and S. Kuroyanagi},
  title        = {Log-periodic gravitational-wave background beyond Einstein gravity},
  journal      = {Class. Quantum Grav.},
  volume       = {41},
  number       = {1},
  pages        = {015031},
  year         = {2023},
  eprint       = {2305.11675},
  archivePrefix= {arXiv},
  primaryClass = {gr-qc}
}

@article{CalcagniKuroyanagi2023,
    author = "Calcagni, Gianluca and Kuroyanagi, Sachiko",
    title = "{Searching for log-oscillating gravitational waves from inflation}",
    eprint = "2305.01996",
    archivePrefix = "arXiv",
    primaryClass = "astro-ph.CO",
    year = "2023"
}
